<collection xmlns="http://www.loc.gov/MARC21/slim">
<record>
  <leader>00489nam0a22001331i 450 </leader>
  <controlfield tag="001">IT\ICCU\CNCE\065782</controlfield>
  <controlfield tag="005">20060810000000.0</controlfield>
  <datafield tag="100" ind1=" " ind2=" ">
    <subfield code="a">20060727d1546        0itac0103    ba</subfield>
  </datafield>
  <datafield tag="101" ind1=" " ind2=" ">
    <subfield code="a">LAT</subfield>
  </datafield>
  <datafield tag="102" ind1=" " ind2=" ">
    <subfield code="a">DE</subfield>
  </datafield>
  <datafield tag="200" ind1="1" ind2=" ">
    <subfield code="a">Divi Cyrilli archiepiscopi alexandrini operum omnium, quibus nunc praeter alia complura nova, recens accessere undecim libri in Genesim, nunquam antea in lucem aediti</subfield>
  </datafield>
  <datafield tag="210" ind1=" " ind2=" ">
    <subfield code="a">Coloniae</subfield>
    <subfield code="c">ex officina Melchioris Nouesiani</subfield>
  </datafield>
  <datafield tag="300" ind1=" " ind2=" ">
    <subfield code="a">ANNULLATA  !!!!!</subfield>
  </datafield>
  <datafield tag="801" ind1=" " ind2="3">
    <subfield code="a">IT</subfield>
    <subfield code="b">ICCU</subfield>
    <subfield code="c">20201115</subfield>
  </datafield>
</record>
</collection>
